<mjloggm ver="2.3"><GO type="169"/><UN n0="%E3%81%AF%E3%82%8B%E3%81%8A%2E" n1="%E9%8A%80%E9%81%8A%E7%A7%81%E4%BA%BA" n2="%41%53%41%50%49%4E" n3="%61%6B%69%6E%61%72%69%30" dan="16,17,17,16" rate="2051,2070,2070,2047" sx="M,M,F,F"/><TAIKYOKU oya="0"/><INIT seed="0,0,0,1,5,86" ten="250,250,250,250" oya="0" hai0="48,26,135,63,40,75,47,114,98,3,103,112,19" hai1="27,120,31,68,5,131,101,115,43,106,113,44,129" hai2="85,90,128,95,121,132,99,18,52,53,51,71,127" hai3="119,79,62,100,109,46,56,65,60,49,7,55,57"/><T30/><D135/><U104/><E120/><V105/><F121/><W116/><G79/><T122/><D122/><U61/><E5/><V13/><F71/><W96/><G7/><T39/><D75/><U107/><E101/><V82/><F132/><W24/><G24/><T124/><D124/><U66/><E44/><V1/><F1/><W84/><G84/><T12/><D3/><U70/><E43/><V87/><F127/><W69/><G109/><T88/><D39/><U72/><E72/><V58/><F128/><N who="1" m="49225" /><E68/><V117/><F117/><W11/><G11/><T110/><D63/><U45/><E45/><N who="2" m="27759" /><F82/><W67/><REACH who="3" step="1"/><G69/><REACH who="3" ten="250,250,250,240" step="2"/><T77/><D110/><U94/><E70/><V108/><F108/><W0/><G0/><T15/><D77/><U34/><E27/><V97/><F87/><W50/><G50/><T80/><D112/><U93/><E115/><V91/><F105/><AGARI ba="0,1" hai="46,49,55,56,57,60,62,65,67,96,100,105,116,119" machi="105" ten="30,7700,0" yaku="1,1,7,1,9,1,53,1" doraHai="86" doraHaiUra="41" who="3" fromWho="2" sc="250,0,250,0,250,-77,240,87" /><INIT seed="1,0,0,4,5,124" ten="250,250,173,327" oya="1" hai0="93,57,31,45,0,127,67,40,123,126,115,64,103" hai1="34,21,81,10,14,58,96,17,52,50,65,76,25" hai2="63,29,44,28,47,97,92,74,101,13,20,90,39" hai3="16,94,1,32,133,86,120,61,106,128,95,104,130"/><U117/><E117/><V99/><F74/><W41/><G120/><T49/><D0/><U55/><E65/><V122/><F122/><W2/><G32/><T66/><D123/><U105/><E34/><V33/><F33/><W88/><G41/><T114/><D31/><U102/><E55/><V121/><F121/><W56/><G133/><T4/><D4/><U18/><E81/><V125/><F125/><N who="0" m="47626" /><D103/><U69/><E76/><V9/><F63/><W53/><G95/><T35/><D93/><U98/><E98/><V91/><F39/><W5/><G16/><T7/><D7/><U79/><E79/><V62/><F62/><W82/><G82/><T78/><D78/><U108/><E108/><V112/><F112/><N who="0" m="43050" /><D35/><U27/><REACH who="1" step="1"/><E69/><REACH who="1" ten="250,240,173,327" step="2"/><V68/><F68/><W11/><G1/><T26/><D26/><AGARI ba="0,1" hai="10,14,17,18,21,25,26,27,50,52,58,96,102,105" machi="26" ten="30,11600,0" yaku="1,1,2,1,7,1,54,1,53,0" doraHai="124" doraHaiUra="83" who="1" fromWho="0" sc="250,-116,240,126,173,0,327,0" /><INIT seed="1,1,0,4,3,57" ten="134,366,173,327" oya="1" hai0="85,39,110,78,83,77,55,100,120,107,92,70,64" hai1="84,112,72,11,63,87,89,47,26,98,9,53,69" hai2="14,119,124,93,46,10,135,80,60,51,126,18,121" hai3="96,35,101,4,43,34,6,122,17,44,8,38,25"/><U134/><E72/><V68/><F119/><W62/><G122/><T3/><D3/><U114/><E134/><V32/><F121/><W74/><G74/><T7/><D7/><U109/><E109/><V66/><F32/><W49/><G38/><T79/><D120/><U29/><E98/><V52/><F135/><W28/><G34/><T116/><D116/><U13/><E47/><V129/><F129/><W42/><G42/><T125/><D125/><U12/><E12/><V104/><F104/><W24/><G24/><T113/><D113/><U1/><E1/><V103/><F103/><W50/><G50/><T133/><D133/><U76/><E76/><V75/><F93/><W33/><G33/><T45/><D110/><U71/><E71/><V58/><F75/><W5/><G17/><T130/><D107/><U131/><E131/><V54/><REACH who="2" step="1"/><F80/><REACH who="2" ten="134,366,163,327" step="2"/><W30/><G35/><T118/><D118/><U59/><E114/><V99/><F99/><W97/><G101/><T108/><D108/><U36/><E112/><V90/><F90/><W106/><G106/><T117/><D117/><U105/><E105/><V40/><F40/><W15/><G97/><T48/><D130/><U41/><E41/><V95/><F95/><W19/><G96/><T0/><D100/><U27/><E89/><V91/><F91/><W127/><G43/><N who="0" m="22783" /><D92/><U73/><E73/><V82/><F82/><W23/><G127/><T22/><D83/><U2/><E87/><V132/><F132/><W88/><G88/><T65/><D85/><U102/><E84/><V21/><F21/><W37/><G23/><RYUUKYOKU ba="1,1" sc="134,-10,366,-10,163,30,327,-10" hai2="10,14,18,46,51,52,54,58,60,66,68,124,126" /><INIT seed="2,2,1,5,4,42" ten="124,356,193,317" oya="2" hai0="102,126,127,22,38,44,10,6,79,27,8,72,55" hai1="0,133,134,2,99,58,68,31,26,19,67,75,24" hai2="131,18,129,128,123,81,115,32,7,120,118,61,122" hai3="60,1,65,5,53,109,78,43,92,116,62,119,77"/><V108/><F32/><W46/><G109/><T105/><D102/><U39/><E68/><V86/><F108/><W107/><G107/><T71/><D105/><U13/><E75/><V112/><F7/><W101/><G53/><T93/><D71/><U104/><E39/><V64/><F18/><W25/><G62/><T59/><D93/><U73/><E73/><V56/><REACH who="2" step="1"/><F118/><REACH who="2" ten="124,356,183,317" step="2"/><W15/><G116/><T130/><D6/><U33/><E19/><V57/><F57/><W9/><G1/><T30/><D127/><U95/><E58/><V100/><F100/><W63/><G101/><T106/><D126/><U50/><E33/><V80/><F80/><W48/><G119/><T132/><D106/><U124/><E0/><V16/><F16/><W4/><G4/><T40/><D130/><U29/><E2/><V125/><F125/><W51/><G92/><T91/><D132/><U89/><E95/><V41/><F41/><W90/><G5/><T14/><D40/><U20/><E104/><V45/><F45/><W98/><G46/><T88/><D44/><U94/><E124/><V11/><F11/><W47/><G9/><T85/><D8/><U21/><E94/><V110/><F110/><W35/><G47/><T97/><D10/><U23/><E134/><V96/><F96/><W113/><G98/><T17/><D97/><U52/><E99/><V111/><F111/><W74/><G35/><T83/><D17/><U70/><E133/><V3/><F3/><W54/><G43/><T121/><D83/><U117/><E117/><V135/><F135/><W66/><G74/><RYUUKYOKU ba="2,2" sc="124,-10,356,-10,183,30,317,-10" hai2="56,61,64,81,86,112,115,120,122,123,128,129,131" /><INIT seed="2,3,2,1,3,16" ten="114,346,213,307" oya="2" hai0="26,124,97,59,83,41,31,133,109,23,47,87,0" hai1="3,120,91,67,132,94,112,123,40,76,116,4,134" hai2="110,96,63,28,10,53,8,121,106,101,46,80,50" hai3="69,114,128,64,52,74,57,48,25,29,21,126,82"/><V13/><F121/><N who="1" m="46665" /><E112/><V85/><F110/><W71/><G114/><T115/><D124/><U103/><E116/><V84/><F84/><W36/><G36/><T43/><D133/><U75/><E67/><V12/><F28/><W62/><G126/><T20/><D109/><U102/><E40/><V58/><F10/><W55/><G128/><T98/><D0/><U22/><E4/><V70/><F8/><W125/><G125/><T30/><D115/><U130/><E3/><V86/><F86/><W49/><G74/><T127/><D127/><U33/><E33/><V100/><F100/><N who="1" m="38441" /><E22/><V68/><F68/><W42/><G42/><T129/><D129/><U104/><E104/><V107/><F107/><W56/><REACH who="3" step="1"/><G82/><REACH who="3" ten="114,346,213,297" step="2"/><T51/><D43/><U9/><E130/><V73/><F73/><W119/><G119/><T54/><D41/><U61/><E75/><V18/><F70/><AGARI ba="3,3" hai="21,25,29,48,49,52,55,56,57,62,64,69,70,71" machi="70" ten="30,8000,1" yaku="1,1,7,1,9,1,52,1,54,1,53,0" doraHai="16" doraHaiUra="79" who="3" fromWho="2" sc="114,0,346,0,213,-89,297,119" /><INIT seed="3,0,0,0,3,46" ten="114,346,124,416" oya="3" hai0="115,77,49,39,103,117,4,31,81,113,63,82,121" hai1="12,7,28,73,78,53,34,125,111,131,57,91,3" hai2="9,90,5,60,87,65,40,112,94,75,2,88,96" hai3="134,118,83,59,18,114,97,93,52,132,67,70,48"/><W1/><G118/><T14/><D39/><U11/><E73/><V72/><F40/><W106/><G106/><T33/><D117/><U76/><E34/><V107/><F112/><N who="0" m="43082" /><D103/><U84/><E28/><V120/><F120/><W45/><G114/><T13/><D63/><U128/><E111/><V22/><F22/><W102/><G1/><T62/><D62/><U32/><E32/><V29/><F29/><W110/><G110/><T101/><D101/><U25/><E25/><V95/><REACH who="2" step="1"/><F107/><REACH who="2" ten="114,346,114,416" step="2"/><W133/><G70/><AGARI ba="0,1" hai="2,5,9,60,65,70,72,75,87,88,90,94,95,96" machi="70" ten="30,7700,0" yaku="1,1,2,1,7,1,54,1,53,0" doraHai="46" doraHaiUra="44" who="2" fromWho="3" sc="114,0,346,0,114,87,416,-77" /><INIT seed="4,0,0,2,5,4" ten="114,346,201,339" oya="0" hai0="96,0,25,16,100,116,12,135,93,72,81,94,77" hai1="41,29,57,64,59,42,67,85,92,11,99,48,120" hai2="53,102,40,37,58,44,26,22,109,111,104,52,8" hai3="34,78,121,114,9,68,113,35,117,83,125,82,3"/><T43/><D135/><U119/><E119/><V14/><F102/><W91/><G117/><T98/><D116/><U133/><E120/><V131/><F104/><W18/><G121/><T6/><D43/><U86/><E133/><V95/><F95/><W71/><G125/><T21/><D0/><U108/><E108/><V103/><F103/><W130/><G130/><T28/><D6/><U47/><E41/><V51/><F53/><W31/><G91/><T30/><D25/><U70/><E70/><V105/><F105/><W89/><G89/><AGARI ba="0,0" hai="12,16,21,28,30,72,77,81,89,93,94,96,98,100" machi="89" ten="30,2900,0" yaku="7,1,54,1" doraHai="4" who="0" fromWho="3" sc="114,29,346,0,201,0,339,-29" /><INIT seed="4,1,0,4,5,6" ten="143,346,201,310" oya="0" hai0="28,42,106,105,2,103,15,25,13,87,58,56,112" hai1="88,127,79,107,55,92,122,8,118,134,82,73,78" hai2="111,1,9,70,102,129,132,91,77,108,36,125,124" hai3="51,12,85,94,16,24,21,109,10,57,99,119,49"/><T29/><D2/><U89/><E118/><V100/><F70/><W62/><G119/><T113/><D87/><U86/><E122/><V120/><F36/><W46/><G109/><N who="2" m="42057" /><F120/><W38/><G38/><T33/><D25/><U123/><E123/><V54/><F77/><W17/><G85/><T23/><D23/><U72/><E55/><V0/><F91/><N who="3" m="55775" /><G46/><T26/><D26/><U116/><E116/><V117/><F117/><W74/><G74/><T110/><D110/><U93/><E8/><V63/><F9/><W90/><G90/><T131/><D103/><N who="2" m="39466" /><F129/><W32/><G32/><T31/><D42/><U126/><E107/><N who="0" m="40969" /><D33/><U37/><E37/><V18/><F18/><W39/><G39/><T115/><D131/><U14/><E14/><AGARI ba="1,0" hai="13,14,15,28,29,31,56,58,112,113,115" m="40969" machi="14" ten="40,7700,0" yaku="28,2,15,1" doraHai="6" who="0" fromWho="1" sc="143,80,346,-80,201,0,310,0" /><INIT seed="4,2,0,2,5,44" ten="223,266,201,310" oya="0" hai0="64,88,134,126,120,63,24,104,102,13,58,97,113" hai1="0,135,123,66,93,45,69,118,103,54,27,1,78" hai2="57,3,92,71,77,95,75,114,110,12,61,30,16" hai3="109,74,29,67,115,47,62,21,8,55,116,49,14"/><T82/><D120/><U84/><E123/><V4/><F110/><W98/><G109/><T46/><D113/><U108/><E108/><V128/><F114/><W48/><G115/><T41/><D126/><U81/><E118/><V59/><F128/><W28/><G74/><T65/><D134/><U83/><E135/><V35/><F71/><W36/><G116/><T90/><D65/><U7/><E69/><V86/><F75/><W119/><G36/><T32/><D82/><U15/><E66/><V70/><F70/><W6/><G119/><T60/><D63/><U122/><E122/><V94/><F3/><W121/><G121/><T68/><D58/><U34/><E15/><V79/><F4/><W18/><G98/><T26/><D13/><U91/><E7/><V117/><F117/><W127/><G127/><T53/><D53/><U23/><E34/><V87/><F30/><N who="3" m="11883" /><G67/><T105/><D105/><U2/><E103/><V130/><F35/><W50/><G62/><T22/><D32/><U106/><E106/><V76/><F130/><W52/><G47/><T100/><D100/><U40/><E54/><N who="3" m="20522" /><G6/><T43/><D43/><U124/><E124/><V56/><F61/><W107/><G107/><T31/><REACH who="0" step="1"/><D26/><REACH who="0" ten="213,266,201,310" step="2"/><U80/><E27/><V112/><F112/><W9/><AGARI ba="2,1" hai="8,9,14,18,21,48,49,50" m="20522,11883" machi="9" ten="40,8000,1" yaku="8,1,52,3,54,1" doraHai="44" who="3" fromWho="3" sc="213,-42,266,-22,201,-22,310,96" /><INIT seed="5,0,0,5,5,77" ten="171,244,179,406" oya="1" hai0="112,15,91,47,21,78,65,122,33,110,132,40,134" hai1="16,26,113,23,107,48,49,60,36,61,59,106,24" hai2="27,64,118,115,6,125,87,89,90,92,66,32,98" hai3="94,62,95,34,119,126,38,8,46,69,31,133,130"/><U97/><E36/><V82/><F118/><W37/><G119/><T75/><D110/><U39/><E39/><V54/><F125/><W42/><G126/><T124/><D33/><U84/><E113/><V41/><F115/><W9/><G38/><T25/><D112/><U63/><E84/><V116/><F116/><W1/><G133/><N who="0" m="51307" /><D65/><U58/><E26/><V28/><F41/><W96/><G130/><T135/><N who="0" m="51315" /><T51/><DORA hai="53" /><D124/><U52/><E97/><V121/><F121/><W129/><G1/><T131/><D131/><U81/><E81/><V30/><F30/><W76/><G76/><T20/><D91/><U79/><E79/><V10/><REACH who="2" step="1"/><F54/><AGARI ba="0,0" hai="16,23,24,48,49,52,54,58,59,60,61,63,106,107" machi="54" ten="40,12000,1" yaku="9,1,52,2,54,2" doraHai="77,53" who="1" fromWho="2" sc="171,0,244,120,179,-120,406,0" /><INIT seed="5,1,0,4,0,95" ten="171,364,59,406" oya="1" hai0="108,90,23,114,55,100,127,93,53,116,46,42,94" hai1="98,41,16,122,5,120,31,26,15,68,28,10,54" hai2="112,83,125,124,22,128,103,85,63,6,131,86,126" hai3="133,44,92,33,56,37,117,1,65,51,36,105,89"/><U19/><E68/><V61/><F6/><W130/><G105/><T87/><D114/><U47/><E54/><V58/><F22/><W132/><G1/><T107/><D107/><U17/><E98/><V119/><F119/><W115/><G117/><T96/><D127/><U29/><REACH who="1" step="1"/><E26/><REACH who="1" ten="171,354,59,406" step="2"/><V35/><F112/><W48/><G115/><T8/><D116/><U75/><E75/><V121/><F121/><W43/><G132/><T101/><D55/><U99/><E99/><V118/><F118/><W7/><G133/><T71/><D53/><U52/><E52/><N who="2" m="33991" /><F63/><W11/><G65/><T39/><D71/><U79/><E79/><N who="2" m="46335" /><F35/><W2/><G33/><T134/><D134/><U77/><E77/><V20/><F103/><W78/><G78/><T27/><D101/><U21/><E21/><V64/><F64/><W104/><G104/><T12/><D23/><U73/><E73/><V34/><F34/><W38/><G56/><T129/><D27/><U49/><AGARI ba="1,1" hai="5,10,15,16,17,19,28,29,31,41,47,49,120,122" machi="49" ten="30,18000,2" yaku="1,1,0,1,54,1,53,3" doraHai="95" doraHaiUra="24" who="1" fromWho="1" sc="171,-61,354,193,59,-61,406,-61" owari="110,-29.0,547,64.0,-2,-50.0,345,15.0" /></mjloggm>